@article{bar1994, author={Serguei Barannikov},
    title={The Framed Morse complex and its invariants},
    year=1994,
    url={https://www.researchgate.net/publication/267672645_The_Framed_Morse_complex_and_its_invariants},
    journal={}
}
@article{zomcar2002, author={Gunnar Carlson,Afra Zomorodian},
    title={Computing Persistent homology},
    year=2002,
    url={https://geometry.stanford.edu/papers/zc-cph-05/zc-cph-05.pdf},
    journal={}
}
@article{mat1997, author={Yukio Matsumoto},
    title={Computing Persistent homology},
    year=1997,
    journal={Translations of Mathematical Monographs}
}
@article{mor1934, author={Marston Morse},
    title={The Calculus of Variations in the Large},
    year=1934,
    journal={American Mathematical Society Colloquium Publication}
}
@article{sma1961, author={S. Smale},
    title={Generalized Poincare's conjecture in dimensions greater than four},
    year=1961,
    journal={Ann. of Math}
}
@article{caz2013, author={F. Cazals, A. Roth C.  Robert M. Christian},
    title={Towards Morse theory for point cloud data},
    year=2013,
    journal={Archives-ouvertes.fr}
}
@article{cai2020, author={Chen Cai, Woojin Kim},
    title={Elder-Rule-Staircodes for Augmented Metric Spaces},
    year=2020,
    journal={arxiv}
}
